@inproceedings{ijcai2017-380,
  author    = {Jakub Sliwinski and Yair Zick},
  title     = {Learning Hedonic Games},
  booktitle = {Proceedings of the 26th International Joint Conference on Artificial Intelligence (IJCAI)},
  pages     = {2730--2736},
  year      = {2017},
}

@misc{jha2019learning,
  title={A Learning Framework for Distribution-Based Game-Theoretic Solution Concepts},
  author={Tushant Jha and Yair Zick},
  year={2019},
  eprint={1903.08322},
  archivePrefix={arXiv},
}

@book{Tan:2018:IDM:3208440,
  author = {Tan, Pang-Ning and Steinbach, Michael and Karpatne, Anuj and Kumar, Vipin},
  title = {Introduction to Data Mining (2Nd Edition)},
  year = {2018},
  publisher = {Pearson},
}

